@book{foley1982fundamentals,
  title={Fundamentals of interactive computer graphics},
  author={Foley, James D and Van Dam, Andries and others},
  volume={2},
  year={1982},
  publisher={Addison-Wesley Reading, MA}
}

@article{task1,
  title={Task 1},
  author={Falc√£o, Alexandre Xavier},
  journal={Image Analysis},
  pages={1},
  year={2020}
}